@article{vartiainen2004efficient,
  title={Efficient decomposition of quantum gates},
  author={Vartiainen, Juha J and M{\"o}tt{\"o}nen, Mikko and Salomaa, Martti M},
  journal={Physical review letters},
  volume={92},
  number={17},
  pages={177902},
  year={2004},
  publisher={APS}
}


@article{garcia2011equivalent,
  title={Equivalent quantum circuits},
  author={Garcia-Escartin, Juan Carlos and Chamorro-Posada, Pedro},
  journal={arXiv preprint arXiv:1110.2998},
  year={2011}
}


@article{blickle2000tournament,
  title={Tournament selection},
  author={Blickle, Tobias},
  journal={Evolutionary computation},
  volume={1},
  pages={181--186},
  year={2000},
  publisher={Bristol, UK: Institute of Physics}
}


@article{kissinger2019reducing,
  title={Reducing T-count with the ZX-calculus},
  author={Kissinger, Aleks and van de Wetering, John},
  journal={arXiv preprint arXiv:1903.10477},
  year={2019}
}

@article{duncan2020graph,
  title={Graph-theoretic Simplification of Quantum Circuits with the ZX-calculus},
  author={Duncan, Ross and Kissinger, Aleks and Perdrix, Simon and Van De Wetering, John},
  journal={Quantum},
  volume={4},
  pages={279},
  year={2020},
  publisher={Verein zur F{\"o}rderung des Open Access Publizierens in den Quantenwissenschaften}
}


@article{preskill2018quantum,
  title={Quantum Computing in the NISQ era and beyond},
  author={Preskill, John},
  journal={Quantum},
  volume={2},
  pages={79},
  year={2018},
  publisher={Verein zur F{\"o}rderung des Open Access Publizierens in den Quantenwissenschaften}
}

@inproceedings{duncan2009graph,
  title={Graph states and the necessity of Euler decomposition},
  author={Duncan, Ross and Perdrix, Simon},
  booktitle={Conference on Computability in Europe},
  pages={167--177},
  year={2009},
  organization={Springer}
}

@article{duncan2013pivoting,
  title={Pivoting makes the ZX-calculus complete for real stabilizers},
  author={Duncan, Ross and Perdrix, Simon},
  journal={arXiv preprint arXiv:1307.7048},
  year={2013}
}

@article{ballance2016high,
  title={High-fidelity quantum logic gates using trapped-ion hyperfine qubits},
  author={Ballance, CJ and Harty, TP and Linke, NM and Sepiol, MA and Lucas, DM},
  journal={Physical review letters},
  volume={117},
  number={6},
  pages={060504},
  year={2016},
  publisher={APS}
}

@article{campbell2017roads,
  title={Roads towards fault-tolerant universal quantum computation},
  author={Campbell, Earl T and Terhal, Barbara M and Vuillot, Christophe},
  journal={Nature},
  volume={549},
  number={7671},
  pages={172--179},
  year={2017},
  publisher={Nature Publishing Group}
}

@inbook{xu2010web,
  title={Web mining and social networking: techniques and applications},
  author={Xu, Guandong and Zhang, Yanchun and Li, Lin},
  volume={6},
  year={2010},
  pages = {25},
  publisher={Springer Science \& Business Media}
}

@inbook{scott2011sage,
  title={The SAGE handbook of social network analysis},
  author={Scott, John and Carrington, Peter J},
  year={2011},
  pages = {364-367},
  publisher={SAGE publications}
}

@incollection{uoh2011universal,
  title={Universal behavior of load distribution in scale-free networks},
  author={Uoh, K-I and Kahng, Byungnam and Kim, Doochul},
  booktitle={The Structure and Dynamics of Networks},
  pages={368--371},
  year={2011},
  publisher={Princeton University Press}
}

@article{brandes2008variants,
  title={On variants of shortest-path betweenness centrality and their generic computation},
  author={Brandes, Ulrik},
  journal={Social Networks},
  volume={30},
  number={2},
  pages={136--145},
  year={2008},
  publisher={Elsevier}
}


@inproceedings{de1990genetic,
  title={Genetic programming: Building nanobrains with genetically programmed neural network modules},
  author={de Garis, Hugo},
  booktitle={1990 IJCNN International Joint Conference on Neural Networks},
  pages={511--516},
  year={1990},
  organization={IEEE}
}

@inproceedings{spears1991study,
  title={A study of crossover operators in genetic programming},
  author={Spears, William M and Anand, Vic},
  booktitle={International Symposium on Methodologies for Intelligent Systems},
  pages={409--418},
  year={1991},
  organization={Springer}
}

@article{chellapilla1997evolving,
  title={Evolving computer programs without subtree crossover},
  author={Chellapilla, Kumar},
  journal={IEEE Transactions on Evolutionary Computation},
  volume={1},
  number={3},
  pages={209--216},
  year={1997},
  publisher={IEEE}
}

@incollection{van1987simulated,
  title={Simulated annealing},
  author={Van Laarhoven, Peter JM and Aarts, Emile HL},
  booktitle={Simulated annealing: Theory and applications},
  pages={7--15},
  year={1987},
  publisher={Springer}
}

@incollection{sivanandam2008genetic,
  title={Genetic algorithms},
  author={Sivanandam, SN and Deepa, SN},
  booktitle={Introduction to genetic algorithms},
  pages={15--37},
  year={2008},
  publisher={Springer}
}


@article{sivarajah2020t,
  title={t| ket>: a retargetable compiler for NISQ devices},
  author={Sivarajah, Seyon and Dilkes, Silas and Cowtan, Alexander and Simmons, Will and Edgington, Alec and Duncan, Ross},
  journal={Quantum Science and Technology},
  volume={6},
  number={1},
  pages={014003},
  year={2020},
  publisher={IOP Publishing}
}



@misc{ Qiskit,
       author = {Abraham et. al},
       title = {Qiskit: An Open-source Framework for Quantum Computing},
       year = {2019},
       doi = {10.5281/zenodo.2562110}
}
